%%%%%%%%%% Websites

@online{kaggle-iml2019,
    title = {IML2019 - Activity prediction for chemical compounds},
    url = {https://www.kaggle.com/c/iml2019/},
    year = 2019
}

@online{scikit-variance-threshold,
    title = {Variance Threshold},
    url = {https://scikit-learn.org/stable/modules/generated/sklearn.feature_selection.VarianceThreshold.html},
    year = 2019
}

@online{scikit-roc-auc-score,
    title = {ROC AUC Metric},
    url = {https://scikit-learn.org/stable/modules/generated/sklearn.metrics.roc_auc_score.html},
    year = 2019
}

@online{scikit-shufflesplit,
    title = {ShuffleSplit cross-validator},
    url = {https://scikit-learn.org/stable/modules/generated/sklearn.model_selection.ShuffleSplit.html#sklearn.model_selection.ShuffleSplit},
    year = 2019
}

@online{scikit-morgan-features,
    title = {Feature Definitions Used in the Morgan Fingerprints},
    url = {https://www.rdkit.org/docs/GettingStartedInPython.html#feature-definitions-used-in-the-morgan-fingerprints},
    year = 2019
}

@online{scikit-distance-metrics,
    title = {Scikit Distance Metrics},
    url = {https://scikit-learn.org/stable/modules/generated/sklearn.neighbors.DistanceMetric.html#sklearn.neighbors.DistanceMetric},
    year = 2019
}

%%%%%%%%%% Articles

@article{li2018classification,
    title={Classification of HIV-1 Protease Inhibitors by Machine Learning Methods},
    author={Li, Yang and Tian, Yujia and Qin, Zijian and Yan, Aixia},
    journal={ACS omega},
    volume={3},
    number={11},
    pages={15837--15849},
    year={2018},
    publisher={ACS Publications}
}

@article{kausar2019analysis,
    title={Analysis and Comparison of Vector Space and Metric Space Representations in QSAR Modeling},
    author={Kausar, Samina and Falcao, Andre O},
    journal={Molecules},
    volume={24},
    number={9},
    pages={1698},
    year={2019},
    publisher={Multidisciplinary Digital Publishing Institute}
}

@article{kim2019pyqsar,
    title={PyQSAR: A Fast QSAR Modeling Platform Using Machine Learning and Jupyter Notebook},
    author={Kim, Sinyoung and Cho, Kwang-Hwi},
    journal={Bulletin of the Korean Chemical Society},
    volume={40},
    number={1},
    pages={39--44},
    year={2019},
    publisher={Wiley Online Library}
}

@article{doucet2007nonlinear,
    title={Nonlinear SVM approaches to QSPR/QSAR studies and drug design},
    author={Doucet, Jean-Pierre and Barbault, Florent and Xia, Hairong and Panaye, Annick and Fan, Botao},
    journal={Current Computer-Aided Drug Design},
    volume={3},
    number={4},
    pages={263--289},
    year={2007},
    publisher={Bentham Science Publishers}
}

@article{yasri2001toward,
  title={Toward an optimal procedure for variable selection and QSAR model building},
  author={Yasri, Aziz and Hartsough, David},
  journal={Journal of chemical information and computer sciences},
  volume={41},
  number={5},
  pages={1218--1227},
  year={2001},
  publisher={ACS Publications}
}

@inproceedings{kramer2001molecular,
  title={Molecular feature mining in HIV data},
  author={Kramer, Stefan and De Raedt, Luc and Helma, Christoph},
  booktitle={Proceedings of the seventh ACM SIGKDD international conference on Knowledge discovery and data mining},
  pages={136--143},
  year={2001},
  organization={ACM}
}
